@article{Marler2017,
	author = {Janet H. Marler and John W. Boudreau},
	title = {An evidence-based review of HR Analytics},
	journal = {The International Journal of Human Resource Management},
	volume = {28},
	number = {1},
	pages = {3-26},
	year  = {2017},
	publisher = {Routledge},
	doi = {10.1080/09585192.2016.1244699},
	URL = {https://doi.org/10.1080/09585192.2016.1244699},
	eprint = {https://doi.org/10.1080/09585192.2016.1244699}
}
@article{Quddus2019,
	author = {Abdul, Quddus and Mohammed, Abdulquddus},
	year = {2019},
	month = {05},
	pages = {51-63},
	title = {HR ANALYTICS: A MODERN TOOL IN HR FOR PREDICTIVE DECISION MAKING},
	volume = {6},
	journal = {Journal of Management},
	doi = {10.34218/JOM.6.3.2019.007}
}
@article{Song2015,
	author = {Song, Yan-Yan and Lu, Ying},
	year = {2015},
	month = {04},
	pages = {130-5},
	title = {Decision tree methods: applications for classification and prediction},
	volume = {27},
	journal = {Shanghai archives of psychiatry},
	doi = {10.11919/j.issn.1002-0829.215044}
}
@InProceedings{Jin2020,
	author="Jin, Ziwei
	and Shang, Jiaxing
	and Zhu, Qianwen
	and Ling, Chen
	and Xie, Wu
	and Qiang, Baohua",
	editor="Huang, Zhisheng
	and Beek, Wouter
	and Wang, Hua
	and Zhou, Rui
	and Zhang, Yanchun",
	title="RFRSF: Employee Turnover Prediction Based on Random Forests and Survival Analysis",
	booktitle="Web Information Systems Engineering -- WISE 2020",
	year="2020",
	publisher="Springer International Publishing",
	address="Cham",
	pages="503--515",
	isbn="978-3-030-62008-0"
}
@Article{Breiman2001,
	author={Breiman, Leo},
	title={Random Forests},
	journal={Machine Learning},
	year={2001},
	month={Oct},
	day={01},
	volume={45},
	number={1},
	pages={5-32},
	issn={1573-0565},
	doi={10.1023/A:1010933404324},
	url={https://doi.org/10.1023/A:1010933404324}
}
@article{ChenG16,
	author    = {Tianqi Chen and
							Carlos Guestrin},
	title     = {XGBoost: {A} Scalable Tree Boosting System},
	journal   = {CoRR},
	volume    = {abs/1603.02754},
	year      = {2016},
	url       = {http://arxiv.org/abs/1603.02754},
	archivePrefix = {arXiv},
	eprint    = {1603.02754},
	timestamp = {Mon, 13 Aug 2018 16:47:00 +0200},
	biburl    = {https://dblp.org/rec/journals/corr/ChenG16.bib},
	bibsource = {dblp computer science bibliography, https://dblp.org}
}
@INPROCEEDINGS{Liu2019,
	author={J. {Liu} and T. {Wang} and J. {Li} and J. {Huang} and F. {Yao} and R. {He}},
	booktitle={2019 IEEE International Conference on Systems,Man and Cybernetics (SMC)},
	title={A Data-driven Analysis of Employee Promotion: The Role of the Position of Organization},
	year={2019},
	volume={},
	number={},
	pages={4056-4062},
	doi={10.1109/SMC.2019.8914449}
}
@article{Kotsiantis2007,
	author = {Kotsiantis, Sotiris},
	year = {2007},
	month = {10},
	pages = {},
	title = {Supervised Machine Learning: A Review of Classification Techniques},
	volume = {31},
	journal = {Informatica (Ljubljana)}
}
@Inbook{FÃ¼rnkranz2010,
	author="F{\"u}rnkranz, Johannes",
	editor="Sammut, Claude
	and Webb, Geoffrey I.",
	title="Decision Tree",
	bookTitle="Encyclopedia of Machine Learning",
	year="2010",
	publisher="Springer US",
	address="Boston, MA",
	pages="263--267",
	isbn="978-0-387-30164-8",
	doi="10.1007/978-0-387-30164-8_204",
	url="https://doi.org/10.1007/978-0-387-30164-8_204"
}
